@article{duchi2011adaptive,
  title={Adaptive subgradient methods for online learning and stochastic optimization},
  author={Duchi, John and Hazan, Elad and Singer, Yoram},
  journal={The Journal of Machine Learning Research},
  volume={12},
  pages={2121--2159},
  year={2011},
  publisher={JMLR. org}
}

http://cran.r-project.org/web/packages/randomForest/citation.html

@Article{RandomForest2002,
  title = {Classification and Regression by random{F}orest},
  author = {Andy Liaw and Matthew Wiener},
  journal = {R News},
  year = {2002},
  volume = {2},
  number = {3},
  pages = {18-22},
  url = {http://cran.r-project.org/web/packages/randomForest/}
}
